
@inproceedings{1,
  author = {Sheaffer, Jeremy W. and Luebke, David P. and Skadron, Kevin},
  title = {The visual vulnerability spectrum: characterizing architectural vulnerability for graphics hardware},
  year = {2006},isbn = {3905673371},publisher = {Association for Computing Machinery},address = {New York, NY, USA},url = {https://doi.org/10.1145/1283900.1283902},doi = {10.1145/1283900.1283902},booktitle = {Proceedings of the 21st ACM SIGGRAPH/EUROGRAPHICS Symposium on Graphics Hardware},pages = {9–16},numpages = {8},location = {Vienna, Austria},series = {GH '06}}

@INPROCEEDINGS{1253181,
  author={Mukherjee, S.S. and Weaver, C. and Emer, J. and Reinhardt, S.K. and Austin, T.},
  booktitle={Proceedings. 36th Annual IEEE/ACM International Symposium on Microarchitecture, 2003. MICRO-36.}, 
  title={A systematic methodology to compute the architectural vulnerability factors for a high-performance microprocessor}, year={2003},volume={},number={},pages={29-40},doi={10.1109/MICRO.2003.1253181}}

@ARTICLE{5446251,
  author={Nickolls, John and Dally, William J.},journal={IEEE Micro}, 
  title={The GPU Computing Era}, 
  year={2010},volume={30},number={2},pages={56-69},doi={10.1109/MM.2010.41}}

@ARTICLE{4490127,
  author={Owens, John D. and Houston, Mike and Luebke, David and Green, Simon and Stone, John E. and Phillips, James C.},journal={Proceedings of the IEEE}, 
  title={GPU Computing}, 
  year={2008},volume={96},number={5},pages={879-899},doi={10.1109/JPROC.2008.917757}}

@inproceedings{2,
  author = {Sheaffer, Jeremy W. and Luebke, David P. and Skadron, Kevin},
  title = {A hardware redundancy and recovery mechanism for reliable scientific computation on graphics processors},year = {2007},isbn = {9781595936257},publisher = {Eurographics Association},address = {Goslar, DEU},
  booktitle = {Proceedings of the 22nd ACM SIGGRAPH/EUROGRAPHICS Symposium on Graphics Hardware},
  pages = {55–64},numpages = {10},location = {San Diego, California},series = {GH '07}}

Taxonomy and basic techniques
%%%%%%%%%%%%%%%%%%%%%%%%%%%%%%%%%%%%%%%%%%%%%%%%%%%%%%%%%%%%%%%%%%%%%%%%%%%%%%%%%

@INPROCEEDINGS{6621133,
  author={Defour, David and Petit, Eric},
  booktitle={2013 International Conference on Embedded Computer Systems: Architectures, Modeling, and Simulation (SAMOS)}, 
  title={GPUburn: A system to test and mitigate GPU hardware failures}, 
  year={2013},volume={},number={},pages={263-270},doi={10.1109/SAMOS.2013.6621133}}

@INPROCEEDINGS{6604089,
  author={Tselonis, Sotiris and Dimitsas, Vasilis and Gizopoulos, Dimitris},
  booktitle={2013 IEEE 19th International On-Line Testing Symposium (IOLTS)}, 
  title={The functional and performance tolerance of GPUs to permanent faults in registers}, 
  year={2013},volume={},number={},pages={236-239},doi={10.1109/IOLTS.2013.6604089}}

@inproceedings{10.1145/3581784.3607086,
  author = {Guerrero Balaguera, Juan David and Rodriguez Condia, Josie Esteban and Fernandes Dos Santos, Fernando and Sonza Reorda, Matteo and Rech, Paolo},
  title = {Understanding the Effects of Permanent Faults in GPU's Parallelism Management and Control Units},
  year = {2023},isbn = {9798400701092},publisher = {Association for Computing Machinery},address = {New York, NY, USA},url = {https://doi.org/10.1145/3581784.3607086},doi = {10.1145/3581784.3607086},
  booktitle = {Proceedings of the International Conference for High Performance Computing, Networking, Storage and Analysis},articleno = {46},numpages = {14},keywords = {error models, fault injection, GPUs, permanent faults, reliability},location = {Denver, CO, USA},series = {SC '23}}

@article{10.1145/1735970.1736063,
   author = {Feng, Shuguang and Gupta, Shantanu and Ansari, Amin and Mahlke, Scott},
   title = {Shoestring: probabilistic soft error reliability on the cheap},year = {2010},issue_date = {March 2010},publisher = {Association for Computing Machinery},address = {New York, NY, USA},volume = {38},number = {1},issn = {0163-5964},url = {https://doi.org/10.1145/1735970.1736063},doi = {10.1145/1735970.1736063},journal = {SIGARCH Comput. Archit. News},month = mar,pages = {385–396},numpages = {12},keywords = {compiler analysis, error detection, fault injection}
}

@inproceedings{10.1145/1736020.1736063,
   author = {Feng, Shuguang and Gupta, Shantanu and Ansari, Amin and Mahlke, Scott},
   title = {Shoestring: probabilistic soft error reliability on the cheap},
   year = {2010},isbn = {9781605588391},publisher = {Association for Computing Machinery},address = {New York, NY, USA},url = {https://doi.org/10.1145/1736020.1736063},doi = {10.1145/1736020.1736063},booktitle = {Proceedings of the Fifteenth International Conference on Architectural Support for Programming Languages and Operating Systems},pages = {385–396},numpages = {12},keywords = {compiler analysis, error detection, fault injection},location = {Pittsburgh, Pennsylvania, USA},series = {ASPLOS XV}}

@INPROCEEDINGS{5493404,
  author={Haque, Imran S. and Pande, Vijay S.},
  booktitle={2010 10th IEEE/ACM International Conference on Cluster, Cloud and Grid Computing}, 
  title={Hard Data on Soft Errors: A Large-Scale Assessment of Real-World Error Rates in GPGPU}, 
  year={2010},volume={},number={},pages={691-696},doi={10.1109/CCGRID.2010.84}}

@INPROCEEDINGS{6962085,
  author={Oliveira, Daniel A. G. and Rech, Paolo and Pilla, Laércio L. and Navaux, Philippe O. A. and Carro, Luigi},booktitle={2014 IEEE International Symposium on Defect and Fault Tolerance in VLSI and Nanotechnology Systems (DFT)}, 
  title={GPGPUs ECC efficiency and efficacy}, 
  year={2014},volume={},number={},pages={209-215},doi={10.1109/DFT.2014.6962085}}

@INPROCEEDINGS{7056044,
  author={Tiwari, Devesh and Gupta, Saurabh and Rogers, James and Maxwell, Don and Rech, Paolo and Vazhkudai, Sudharshan and Oliveira, Daniel and Londo, Dave and DeBardeleben, Nathan and Navaux, Philippe and Carro, Luigi and Bland, Arthur},
  booktitle={2015 IEEE 21st International Symposium on High Performance Computer Architecture (HPCA)}, 
  title={Understanding GPU errors on large-scale HPC systems and the implications for system design and operation}, 
  year={2015},volume={},number={},pages={331-342},doi={10.1109/HPCA.2015.7056044}}

@INPROCEEDINGS{7975296,
  author={Hari, Siva Kumar Sastry and Tsai, Timothy and Stephenson, Mark and Keckler, Stephen W. and Emer, Joel},
  booktitle={2017 IEEE International Symposium on Performance Analysis of Systems and Software (ISPASS)}, 
  title={SASSIFI: An architecture-level fault injection tool for GPU application resilience evaluation}, 
  year={2017},volume={},number={},pages={249-258},doi={10.1109/ISPASS.2017.7975296}}

@INPROCEEDINGS{5372771,
  author={Takizawa, Hiroyuki and Sato, Katsuto and Komatsu, Kazuhiko and Kobayashi, Hiroaki},
  booktitle={2009 International Conference on Parallel and Distributed Computing, Applications and Technologies}, 
  title={CheCUDA: A Checkpoint/Restart Tool for CUDA Applications}, 
  year={2009},volume={},number={},pages={408-413},doi={10.1109/PDCAT.2009.78}}


Redundancy
%%%%%%%%%%%%%%%%%%%%%%%%%%%%%%%%%%%%%%%%%%%%%%%%%%%%%%%%%%%%%%%%%%%%%%%%%%%%%%%%%

@inproceedings{10.1145/1513895.1513907,
  author = {Dimitrov, Martin and Mantor, Mike and Zhou, Huiyang},
  title = {Understanding software approaches for GPGPU reliability},
  year = {2009},isbn = {9781605585178},publisher = {Association for Computing Machinery},address = {New York, NY, USA},url = {https://doi.org/10.1145/1513895.1513907},doi = {10.1145/1513895.1513907},
  booktitle = {Proceedings of 2nd Workshop on General Purpose Processing on Graphics Processing Units},pages =  {94–104},numpages = {11},location = {Washington, D.C., USA},series = {GPGPU-2}}

@ARTICLE{6949170,
  author={Oliveira, Daniel A. G. and Rech, Paolo and Quinn, Heather M. and Fairbanks, Thomas D. and Monroe, Laura and Michalak, Sarah E. and Anderson-Cook, Christine and Navaux, Philippe O. A. and Carro, Luigi},
  journal={IEEE Transactions on Nuclear Science}, 
  title={Modern GPUs Radiation Sensitivity Evaluation and Mitigation Through Duplication With Comparison}, 
  year={2014},volume={61},number={6},pages={3115-3122},doi={10.1109/TNS.2014.2362014}}

@INPROCEEDINGS{6493606,
  author={Jeon, Hyeran and Annavaram, Murali},
  booktitle={2012 45th Annual IEEE/ACM International Symposium on Microarchitecture}, 
  title={Warped-DMR: Light-weight Error Detection for GPGPU}, 
  year={2012},volume={},number={},pages={37-47},doi={10.1109/MICRO.2012.13}}

@INPROCEEDINGS{8665772,
  author={Mahmoud, Abdulrahman and Hari, Siva Kumar Sastry and Sullivan, Michael B. and Tsai, Timothy and Keckler, Stephen W.},
  booktitle={SC18: International Conference for High Performance Computing, Networking, Storage and Analysis}, 
  title={Optimizing Software-Directed Instruction Replication for GPU Error Detection}, 
  year={2018},volume={},number={},pages={842-854},doi={10.1109/SC.2018.00070}}

@INPROCEEDINGS{7266862,
  author={Abdel-Majeed, Mohammad and Dweik, Waleed and Jeon, Hyeran and Annavaram, Murali},
  booktitle={2015 45th Annual IEEE/IFIP International Conference on Dependable Systems and Networks}, 
  title={Warped-RE: Low-Cost Error Detection and Correction in GPUs}, 
  year={2015},volume={},number={},pages={331-342},doi={10.1109/DSN.2015.55}}

@article{10.1145/2678373.2665686,
  author = {Wadden, Jack and Lyashevsky, Alexander and Gurumurthi, Sudhanva and Sridharan, Vilas and Skadron, Kevin},
  title = {Real-world design and evaluation of compiler-managed GPU redundant multithreading},year = {2014},issue_date = {June 2014},publisher = {Association for Computing Machinery},address = {New York, NY, USA},volume = {42},number = {3},issn = {0163-5964},url = {https://doi.org/10.1145/2678373.2665686},doi = {10.1145/2678373.2665686},journal = {SIGARCH Comput. Archit. News},month = jun,pages = {73–84},numpages = {12}}

@INPROCEEDINGS{6012845,
  author={Yim, Keun Soo and Pham, Cuong and Saleheen, Mushfiq and Kalbarczyk, Zbigniew and Iyer, Ravishankar},
  booktitle={2011 IEEE International Parallel \& Distributed Processing Symposium}, 
  title={Hauberk: Lightweight Silent Data Corruption Error Detector for GPGPU}, 
  year={2011},volume={},number={},pages={287-300},doi={10.1109/IPDPS.2011.36}}

@ARTICLE{8660708,
  author={Goncalves, Marcio and Fernandes, Fernando and Lamb, Ivan and Rech, Paolo and Azambuja, Jose Rodrigo},
  journal={IEEE Transactions on Nuclear Science}, 
  title={Selective Fault Tolerance for Register Files of Graphics Processing Units}, 
  year={2019},volume={66},number={7},pages={1449-1456},doi={10.1109/TNS.2019.2903027}}

@INPROCEEDINGS{8574583,
  author={Nie, Bin and Yang, Lishan and Jog, Adwait and Smirni, Evgenia},
  booktitle={2018 51st Annual IEEE/ACM International Symposium on Microarchitecture (MICRO)}, 
  title={Fault Site Pruning for Practical Reliability Analysis of GPGPU Applications}, 
  year={2018},volume={},number={},pages={749-761},doi={10.1109/MICRO.2018.00066}}

@ARTICLE{9035460,
  author={Yang, Lishan and Nie, Bin and Jog, Adwait and Smirni, Evgenia},
  journal={IEEE Transactions on Computers}, 
  title={Practical Resilience Analysis of GPGPU Applications in the Presence of Single- and Multi-Bit Faults}, 
  year={2021},volume={70},number={1},pages={30-44},doi={10.1109/TC.2020.2980541}}

@ARTICLE{9080079,
  author={Previlon, Fritz and Kalra, Charu and Tiwari, Devesh and Kaeli, David},
  journal={IEEE Transactions on Dependable and Secure Computing}, 
  title={Characterizing and Exploiting Soft Error Vulnerability Phase Behavior in GPU Applications}, 
  year={2022},volume={19},number={1},pages={288-300},doi={10.1109/TDSC.2020.2991136}}

@INPROCEEDINGS{9159153,
  author={Alcaide Portet, Sergi and Kosmidis, Leonidas and Hernandez, Carles and Abella, Jaume},
  booktitle={2020 50th Annual IEEE-IFIP International Conference on Dependable Systems and Networks-Supplemental Volume (DSN-S)}, 
  title={Software-Only Triple Diverse Redundancy on GPUs for Autonomous Driving Platforms}, 
  year={2020},volume={},number={},pages={82-88},doi={10.1109/DSN-S50200.2020.00045}}

@ARTICLE{9523531,
  author={Alcaide, Sergi and Kosmidis, Leonidas and Hernandez, Carles and Abella, Jaume},
  journal={IEEE Transactions on Emerging Topics in Computing}, 
  title={Achieving Diverse Redundancy for GPU Kernels}, 
  year={2022},volume={10},number={2},pages={618-634},doi={10.1109/TETC.2021.3101922}}

ABFT
%%%%%%%%%%%%%%%%%%%%%%%%%%%%%%%%%%%%%%%%%%%%%%%%%%%%%%%%%%%%%%%%%%%%%%%%%%%%%%%%%
@INPROCEEDINGS{8416467,
  author={Fratin, Vinícius and Oliveira, Daniel and Lunardi, Caio and Santos, Fernando and Rodrigues, Gennaro and Rech, Paolo},
  booktitle={2018 48th Annual IEEE/IFIP International Conference on Dependable Systems and Networks (DSN)}, 
  title={Code-Dependent and Architecture-Dependent Reliability Behaviors}, 
  year={2018},volume={},number={},pages={13-26},doi={10.1109/DSN.2018.00015}}

@ARTICLE{3,
  author={Kuang-Hua Huang and Abraham, Jacob A.},
  journal={IEEE Transactions on Computers}, 
  title={Algorithm-Based Fault Tolerance for Matrix Operations}, 
  year={1984},volume={C-33},number={6},pages={518-528},doi={10.1109/TC.1984.1676475}}

@INPROCEEDINGS{6604090,
  author={Wunderlich, Hans-Joachim and Braun, Claus and Halder, Sebastian},
  booktitle={2013 IEEE 19th International On-Line Testing Symposium (IOLTS)}, 
  title={Efficacy and efficiency of algorithm-based fault-tolerance on GPUs}, 
  year={2013},volume={},number={},pages={240-243},doi={10.1109/IOLTS.2013.6604090}}

@INPROCEEDINGS{6903601,
  author={Braun, Claus and Halder, Sebastian and Wunderlich, Hans Joachim},
  booktitle={2014 44th Annual IEEE/IFIP International Conference on Dependable Systems and Networks}, 
  title={A-ABFT: Autonomous Algorithm-Based Fault Tolerance for Matrix Multiplications on Graphics Processing Units}, 
  year={2014},volume={},number={},pages={443-454},doi={10.1109/DSN.2014.48}}

@INPROCEEDINGS{5951924,
  author={Ding, Chong and Karlsson, Christer and Liu, Hui and Davies, Teresa and Chen, Zizhong},
  booktitle={2011 IEEE Ninth International Symposium on Parallel and Distributed Processing with Applications}, 
  title={Matrix Multiplication on GPUs with On-Line Fault Tolerance}, 
  year={2011},volume={},number={},pages={311-317},doi={10.1109/ISPA.2011.50}}

@ARTICLE{8536419,
  author={Santos, Fernando Fernandes dos and Pimenta, Pedro Foletto and Lunardi, Caio and Draghetti, Lucas and Carro, Luigi and Kaeli, David and Rech, Paolo},
  journal={IEEE Transactions on Reliability}, 
  title={Analyzing and Increasing the Reliability of Convolutional Neural Networks on GPUs}, 
  year={2019},volume={68},number={2},pages={663-677},doi={10.1109/TR.2018.2878387}}

@inproceedings{10.1145/3577193.3593715,
  author = {Wu, Shixun and Zhai, Yujia and Liu, Jinyang and Huang, Jiajun and Jian, Zizhe and Wong, Bryan and Chen, Zizhong},
  title = {Anatomy of High-Performance GEMM with Online Fault Tolerance on GPUs},
  year = {2023},isbn = {9798400700569},publisher = {Association for Computing Machinery},address = {New York, NY, USA},url = {https://doi.org/10.1145/3577193.3593715},doi = {10.1145/3577193.3593715},booktitle = {Proceedings of the 37th ACM International Conference on Supercomputing},pages = {360–372},numpages = {13},keywords = {resilience, reliability, performance optimization, GPU, GEMM},location = {Orlando, FL, USA},series = {ICS '23}}

@INPROCEEDINGS{7877099,
  author={Li, Guanpeng and Pattabiraman, Karthik and Cher, Chen-Yang and Bose, Pradip},
  booktitle={SC '16: Proceedings of the International Conference for High Performance Computing, Networking, Storage and Analysis}, 
  title={Understanding Error Propagation in GPGPU Applications}, 
  year={2016},volume={},number={},pages={240-251},doi={10.1109/SC.2016.20}}

@INPROCEEDINGS{7516096,
  author={Chen, Jieyang and Liang, Xin and Chen, Zizhong},
  booktitle={2016 IEEE International Parallel and Distributed Processing Symposium (IPDPS)}, 
  title={Online Algorithm-Based Fault Tolerance for Cholesky Decomposition on Heterogeneous Systems with GPUs}, 
  year={2016},volume={},number={},pages={993-1002},doi={10.1109/IPDPS.2016.81}}

@inproceedings{10.1145/3710848.3710853,
  author = {Wu, Shixun and Zhai, Yujia and Liu, Jinyang and Huang, Jiajun and Jian, Zizhe and Dai, Huangliang and Di, Sheng and Cappello, Franck and Chen, Zizhong},
  title = {TurboFFT: Co-Designed High-Performance and Fault-Tolerant Fast Fourier Transform on GPUs},year = {2025},isbn = {9798400714436},publisher = {Association for Computing Machinery},address = {New York, NY, USA},url = {https://doi.org/10.1145/3710848.3710853},doi = {10.1145/3710848.3710853},booktitle = {Proceedings of the 30th ACM SIGPLAN Annual Symposium on Principles and Practice of Parallel Programming},pages = {70–84},numpages = {15},location = {Las Vegas, NV, USA},series = {PPoPP '25}}

%%%%%%%%%%%%%%%%%%%%%%%%%%%%%%%%%%%%%%%%%%%%%%%%%%%%%%%%%%%%%%%%%%%%%%%%%%%%%%%%%

@article{conclusion,
author = {dos Santos, Fernando and Rech, P.},
year = {2024},
month = {04},
pages = {1-29},
title = {Can GPU performance increase faster than the code error rate?},
volume = {80},
journal = {The Journal of Supercomputing},
doi = {10.1007/s11227-024-06119-4}
}

@inproceedings{inproceedings,
  author = {Huang, Qihang and Huang, Zhiyi and Werstein, Paul and Purvis, Martin},
  year = {2008},month = {01},pages = {151-158},
  title = {GPU as a General Purpose Computing Resource},
  doi = {10.1109/PDCAT.2008.38}}

@article{BOSILCA2009410,
  title = {Algorithm-based fault tolerance applied to high performance computing},
  journal = {Journal of Parallel and Distributed Computing},volume = {69},number = {4},pages = {410-416},year = {2009},issn = {0743-7315},doi = {https://doi.org/10.1016/j.jpdc.2008.12.002},url = {https://www.sciencedirect.com/science/article/pii/S0743731508002141},author = {George Bosilca and Rémi Delmas and Jack Dongarra and Julien Langou},}

@ARTICLE{6510503,
  author={Rech, P. and Aguiar, C. and Frost, C. and Carro, L.},
  journal={IEEE Transactions on Nuclear Science}, 
  title={An Efficient and Experimentally Tuned Software-Based Hardening Strategy for Matrix Multiplication on GPUs}, 
  year={2013},volume={60},number={4},pages={2797-2804},doi={10.1109/TNS.2013.2252625}}

@article{GONCALVES2018931,
  title = {Evaluating the reliability of a GPU pipeline to SEU and the impacts of software-based and hardware-based fault tolerance techniques},
  journal = {Microelectronics Reliability},volume = {88-90},pages = {931-935},year = {2018},note = {29th European Symposium on Reliability of Electron Devices, Failure Physics and Analysis ( ESREF 2018 )},issn = {0026-2714},doi = {https://doi.org/10.1016/j.microrel.2018.07.007},url = {https://www.sciencedirect.com/science/article/pii/S0026271418305481},author = {Marcio Gonçalves and Mateus Saquetti and Jose Rodrigo Azambuja},}

